<?xml version="1.0" encoding="UTF-8"?>
<record xmlns="http://www.loc.gov/MARC21/slim" xmlns:xsi="http://www.w3.org/2001/XMLSchema-instance" xsi:schemaLocation="http://www.loc.gov/MARC21/slim http://www.loc.gov/standards/marcxml/schema/MARC21slim.xsd">
<leader>00000cam a22      a 4500</leader>
<controlfield tag="001">001576857</controlfield>
<controlfield tag="003">NNU</controlfield>
<controlfield tag="005">20160112175827.0</controlfield>
<controlfield tag="008">860712m19511955tu       b    000 0 ara</controlfield>
<datafield tag="010" ind1=" " ind2=" ">
<subfield code="a">   60036652</subfield>
</datafield>
<datafield tag="035" ind1=" " ind2=" ">
<subfield code="a">(OCoLC)13862696</subfield>
<subfield code="z">(OCoLC)264971560</subfield>
</datafield>
<datafield tag="040" ind1=" " ind2=" ">
<subfield code="a">DLC</subfield>
<subfield code="b">eng</subfield>
<subfield code="c">SMI</subfield>
<subfield code="d">DLC</subfield>
<subfield code="d">OSU</subfield>
<subfield code="d">STF</subfield>
<subfield code="d">OCLCF</subfield>
</datafield>
<datafield tag="042" ind1=" " ind2=" ">
<subfield code="a">lccopycat</subfield>
</datafield>
<datafield tag="050" ind1="0" ind2="0">
<subfield code="a">Z7052</subfield>
<subfield code="b">.I8</subfield>
</datafield>
<datafield tag="100" ind1="1" ind2=" ">
<subfield code="6">880-01</subfield>
<subfield code="a">Bābānī, Ismāʻīl Bāshā,</subfield>
<subfield code="d">-1920 or 1921.</subfield>
</datafield>
<datafield tag="245" ind1="1" ind2="0">
<subfield code="6">880-02</subfield>
<subfield code="a">Hadīyat al-ʻārifīn :</subfield>
<subfield code="b">asmāʼ al-muʼallifīn wa-athār al-muṣannifīn /</subfield>
<subfield code="c">Ismāʻīl Bāshā al-Baghdādī.</subfield>
</datafield>
<datafield tag="260" ind1=" " ind2=" ">
<subfield code="6">880-03</subfield>
<subfield code="a">Istānbūl :</subfield>
<subfield code="b">Wikālat al-Maʻārif,</subfield>
<subfield code="c">[1951-1955]</subfield>
</datafield>
<datafield tag="300" ind1=" " ind2=" ">
<subfield code="a">2 v. ;</subfield>
<subfield code="c">34 cm.</subfield>
</datafield>
<datafield tag="336" ind1=" " ind2=" ">
<subfield code="a">text</subfield>
<subfield code="b">txt</subfield>
<subfield code="2">rdacontent</subfield>
</datafield>
<datafield tag="337" ind1=" " ind2=" ">
<subfield code="a">unmediated</subfield>
<subfield code="b">n</subfield>
<subfield code="2">rdamedia</subfield>
</datafield>
<datafield tag="338" ind1=" " ind2=" ">
<subfield code="a">volume</subfield>
<subfield code="b">nc</subfield>
<subfield code="2">rdacarrier</subfield>
</datafield>
<datafield tag="500" ind1=" " ind2=" ">
<subfield code="a">Added t.p.: Hadiyyat al-ʻārifīn, asmā ̓al-mua̓llifīn va āsār al-muṣannifīn (Hediyyetül̓-ʻārifīn, esmāu̓̈l̓-müe̓llifīn ve ās̲ārül̓-muṣannifīn) Müellifi: Bağdatli İsmail Paşa. Müellif nüshasi esas tutulmak suretiyle istinsah ve tashihleri Kilisli Rifat Bilge ve İbnülemin Mahmud Kemal İnal tarafindan yapilmiştir.</subfield>
</datafield>
<datafield tag="504" ind1=" " ind2=" ">
<subfield code="a">Includes bibliographical references (v. 1, leaf following t.p).</subfield>
</datafield>
<datafield tag="505" ind1="0" ind2=" ">
<subfield code="a">Al-mujallad al-awwal: Bāb al-alif -- bāb al-alif -- bāb al-lam -- al-mujallad al-thānī: Bāb al-mīm -- bāb al-yāʼ.</subfield>
</datafield>
<datafield tag="650" ind1=" " ind2="0">
<subfield code="a">Arabic literature</subfield>
<subfield code="v">Bio-bibliography.</subfield>
</datafield>
<datafield tag="650" ind1=" " ind2="7">
<subfield code="a">Arabic literature.</subfield>
<subfield code="2">fast</subfield>
<subfield code="0">(OCoLC)fst00812478</subfield>
</datafield>
<datafield tag="655" ind1=" " ind2="7">
<subfield code="a">Bio-bibliography.</subfield>
<subfield code="2">fast</subfield>
<subfield code="0">(OCoLC)fst01423685</subfield>
</datafield>
<datafield tag="880" ind1="1" ind2=" ">
<subfield code="6">100-01/</subfield>
<subfield code="a">باباني، اسماعيل باشا.</subfield>
</datafield>
<datafield tag="880" ind1="1" ind2="0">
<subfield code="6">245-02/</subfield>
<subfield code="a">هدية العارفين :</subfield>
<subfield code="b">اسماء المؤلفين واثار المصنفين /</subfield>
<subfield code="c">اسماعيل باشا البغدادي.</subfield>
</datafield>
<datafield tag="880" ind1=" " ind2=" ">
<subfield code="6">260-03/</subfield>
<subfield code="a">استانبول :</subfield>
<subfield code="b">وكالة المعارف،</subfield>
<subfield code="c">[1951-1955]</subfield>
</datafield>
<datafield tag="OWN" ind1=" " ind2=" ">
<subfield code="a">GENERAL</subfield>
</datafield>
<datafield tag="AVA" ind1=" " ind2=" ">
<subfield code="a">NYU50</subfield>
<subfield code="b">BOBST</subfield>
<subfield code="c">Main Collection</subfield>
<subfield code="d">Z7052 .I8 Oversize</subfield>
<subfield code="e">unavailable</subfield>
<subfield code="t">Unavailable</subfield>
<subfield code="f">2</subfield>
<subfield code="g">2</subfield>
<subfield code="h">Y</subfield>
<subfield code="i">8</subfield>
<subfield code="j">MAIN</subfield>
<subfield code="k">0</subfield>
</datafield>
</record>
